<?xml version="1.0" encoding="UTF-8"?><collection xmlns="http://www.loc.gov/MARC21/slim"><record><leader>00517nam--2200121-i-4500</leader><controlfield tag="001">000044762</controlfield><controlfield tag="002">20161230</controlfield><controlfield tag="005">20161230201044</controlfield><controlfield tag="008">060222s1000------------r-----000-0-eng-d</controlfield><datafield ind1=" " ind2=" " tag="080"><subfield code="a">53(061.3)</subfield></datafield><datafield ind1=" " ind2=" " tag="245"><subfield code="a">Tineretul, fizica si progresul tehnico-stiintifice. colocviul tineretului pe probleme de fizica si domenii conexe. bucuresti 16-17 martie 1982. a 60-a aniversare a uniunii tineretului comunist. programul colocviului si rezultatele lucrarilor</subfield></datafield><datafield ind1=" " ind2=" " tag="260"><subfield code="a">Bucuresti, Inst.Central De Fizica, 1982, 115p</subfield></datafield><datafield ind1=" " ind2=" " tag="852"><subfield code="a">49936</subfield></datafield></record></collection>